# \bibliography{hoge}
# \bibliographystyle{jplain} % 	参考文献をアルファベット順で出力する
# \bibliographystyle{junsrt} % 参考文献を引用された順で出力する

# mktexlsr
# bibtex report

@misc{brj,
  author       = {},
  howpublished = {\url{http://www.bskbg.co.jp/product/qonpet.shtml}},
  month        = {},
  note         = {(Accessed on 02/09/2023)},
  title        = {QonPET | 製品紹介 | 防振・防音のブリヂストンケービージー株式会社},
  year         = {}
}

@misc{enechange,
  author = {エネチェンジ},
  note   = {\url{https://enechange.jp/articles/ev-charging}},
  title  = {EV(電気自動車)の気になる充電！時間や場所、料金は？},
  year   = {2021年12月19日}
}

@misc{nikkei,
  author = {日経BP},
  note   = {\url{https://project.nikkeibp.co.jp/ms/article/WORD/20130925/305286}},
  title  = {パワーコンディショナー（PCS）とは},
  year   = {2013年10月}
}

@misc{online,
  author       = {},
  howpublished = {\url{https://shop.libgraphy.co.jp/collections/qonpet}},
  month        = {},
  note         = {(Accessed on 02/09/2023)},
  title        = {吸音材QonPET – リブグラフィ},
  year         = {}
}

@booklet{toyama,
  author = {外山茂浩},
  title  = {実験テキスト「フーリエ解析」},
  year   = {2022年}
}